=LDR  00000nam a22000003i 4500
=005  20250906221647.2
=008  250906s2012||||ii\||||||||||||||\||eng||
=020  \\$a9788181740441
=033  0\$a20120621
=040  \\$aUkOxU$beng$erda$cUkOxU
=245  00$aOsian's creative India series 4 :$bGoa, Cholamandal and South India Auction.
=264  \1$aMumbai :$bOsian's - Connoisseurs of Art Private Limited,$c[2012?]
=264  \4$c© 2012
=300  \\$a266 pages ;$c32 cm
=336  \\$atext$2rdacontent
=337  \\$aunmediated$2rdamedia
=338  \\$avolume$2rdacarrier
=490  0\$acreative India ;$v4
=876  \\$p308241108
=904  \\$aOxford Local Record

