=LDR  00000nam a22000003i 4500
=005  20250906221647.2
=008  250906s2013||||ii\||||||||||||||\||eng||
=020  \\$a9788181740489
=033  0\$a20130416
=040  \\$aUkOxU$beng$erda$cUkOxU
=245  00$aOsian's dare to care: an initiative for the adolescent girl :$ba charity fundraising gala event.
=264  \1$aMumbai :$bOsian's - Connoisseurs of Art Private Limited,$c[2013?]
=264  \4$c© 2013
=300  \\$a106 pages ;$c32 cm
=336  \\$atext$2rdacontent
=337  \\$aunmediated$2rdamedia
=338  \\$avolume$2rdacarrier
=500  \\$aUNICEF in partnership with Delhi Daredevils. A musical performance by UNICEF Goodwill Ambassador Ms Priyanka Chopra. With entertainment programme by Wizcraft.
=876  \\$p308241109
=904  \\$aOxford Local Record

