=LDR  00000nam a22000003i 4500
=005  20250906221647.2
=008  250906s2013||||ii\||||||||||||||\||eng||
=020  \\$a9788181740472
=033  0\$a20130413
=040  \\$aUkOxU$beng$erda$cUkOxU
=245  00$aOsian's forty masterpieces :$bIndian miniatures and modern art.
=264  \1$aMumbai :$bOsian's - Connoiseurs of Art Pvt. Ltd.,$c[2013?]
=264  \4$c© 2013
=300  \\$a114 pages ;$c28 cm
=336  \\$atext$2rdacontent
=337  \\$aunmediated$2rdamedia
=338  \\$avolume$2rdacarrier
=876  \\$p308241110
=904  \\$aOxford Local Record

