=LDR  00000nam a22000003i 4500
=005  20250906221647.2
=008  250906s2000||||cau||||||||||||||\||eng||
=020  \\$qvolume 2
=024  8\$a7130O
=033  1\$a20001011$a20001012$a20001013
=040  \\$aUkOxU$beng$erda$cUkOxU
=245  00$aTreasures from the Hoi An hoard :$bimportant Vietnamese ceramics from a late 15th / early 16th century cargo.
=264  \1$aCalifornia :$bButterfield's Auctioneers Corp.,$c[2000?]
=264  \4$c© 2000
=300  \\$a334 pages ;$c28 cm
=336  \\$atext$2rdacontent
=337  \\$aunmediated$2rdamedia
=338  \\$avolume$2rdacarrier
=500  \\$aVolume O67B.
=876  \\$p308241111
=904  \\$aOxford Local Record

