=LDR  00000nam a22000003i 4500
=005  20250906221647.2
=008  250906s1994||||fr\||||||||||||||\||fre||
=033  0\$a19940302
=040  \\$aUkOxU$beng$erda$cUkOxU
=245  01$aArts d'Orient :$bvente aux enchères publiques.
=264  \1$aParis :$bClaude Boisgirard,$c[1994?]
=300  \\$a68 pages ;$c27 cm
=336  \\$atext$2rdacontent
=337  \\$aunmediated$2rdamedia
=338  \\$avolume$2rdacarrier
=500  \\$acéramiques Iraniennes et Turques; bronzes Seldjoukides;textiles; armes et armures; collection d'un ambassadeur: argenterie Russe et Ottomand; bijoux; argenterie de Van; art Arménien; métaux Islamiques; verrerie;boiseries Ottomanes; Collections E. et X.: miniatures et calligraphies; orientalisme.
=876  \\$p308241114
=904  \\$aOxford Local Record

