=LDR  00000nam a22000003i 4500
=005  20250906221647.2
=008  250906s1993||||fr\||||||||||||||\||fre||
=033  0\$a19931216
=040  \\$aUkOxU$beng$erda$cUkOxU
=245  01$aArts de l'Islam :$bvente aux enchères publiques.
=264  \1$aParis :$bClaude Boisgirard,$c[1993?]
=300  \\$a68 pages ;$c27 cm
=336  \\$atext$2rdacontent
=337  \\$aunmediated$2rdamedia
=338  \\$avolume$2rdacarrier
=500  \\$acéramiques du monde Musulman; céramiques Ottomanes provenant de l'ancienne collection Beyhum; verrerie Islamique et de Bohême; argenterie Ottomane; bijoux; émaux Ottomanes; art Arménien et Byzantin; metaux et armes; miniatures et manuscrits; bois et laques; important ensemble de boiseries Ottomanes provenant d'une demeure de Pérouse; Orientalisme; textiles et tapis.
=876  \\$p308241115
=904  \\$aOxford Local Record

