=LDR  00000nam a22000003i 4500
=005  20250906221647.2
=008  250906s1992||||fr\||||||||||||||\||fre||
=033  0\$a19920619
=040  \\$aUkOxU$beng$erda$cUkOxU
=245  01$aArts d'Orient :$bvente aux enchères publiques.
=264  \1$aParis :$bClaude Boisgirard,$c[1992?]
=300  \\$a51 pages ;$c27 cm
=336  \\$atext$2rdacontent
=337  \\$aunmediated$2rdamedia
=338  \\$avolume$2rdacarrier
=500  \\$aArts de l'Islam: céramiques Seldjoukides; monnaies en or Seldjoukindes et Ottomanes; orfèvrerie et métaux; laques et aquarelles Kadjar; miniatures Persanes et Indiennes; céramiques du 16e au 19e siècle; textiles; Orientalisme: peintures et photographies; archéologie: mosaïques Byzantines; glyptique; bronzes du Luristan; terres cuites Syriennes; art Egyptien; verrerie antique et Islamique.
=876  \\$p308241116
=904  \\$aOxford Local Record

