=LDR  00000nam a22000003i 4500
=005  20250906221647.2
=008  250906s1991||||fr\||||||||||||||\||fre||
=033  0\$a19911117
=040  \\$aUkOxU$beng$erda$cUkOxU
=245  01$aArts d'Orient :$bvente aux enchères publiques.
=264  \1$aParis :$bClaude Boisgirard,$c[1991?]
=300  \\$a31 pages ;$c27 cm
=336  \\$atext$2rdacontent
=337  \\$aunmediated$2rdamedia
=338  \\$avolume$2rdacarrier
=500  \\$aArts de l'Islam: céramiques et verrerie du 16e au 19e siècle; laques Kadjar et miniatures; métaux Ottomans et Iraniens; arts du Maroc: métaux - poteries - bijoux, ceintures brochées de Fès; textiles et tapis; Orientalism: collection d'aquarelles de Lea Lafugie; Mobilier; Archéologie: glyptique, verrerie - bronzes - terres cuites.
=876  \\$p308241117
=904  \\$aOxford Local Record

