=LDR  00000nam a22000003i 4500
=005  20250906221647.2
=008  250906s1990||||fr\||||||||||||||\||fre||
=033  0\$a19900504
=040  \\$aUkOxU$beng$erda$cUkOxU
=245  01$aArt d'Orient :$bvente aux enchères publiques.
=264  \1$aParis :$bClaude Boisgirard,$c[1990?]
=300  \\$a57 pages ;$c27 cm
=336  \\$atext$2rdacontent
=337  \\$aunmediated$2rdamedia
=338  \\$avolume$2rdacarrier
=500  \\$aarchéologie: une exceptionnelle statue votive Sumérienne du milieu du 3e millénaire avant Jésus-Christ; art Persan: céramiques de l'ancienne collection Charles Kettaneh, laques et métaux du 18e-19e siècle; art Ottoman: céramiques d'Iznik, verrerie de Beykoz, argenterie et métaux, mobilier - textiles, tableaux - gravures, céramiques orientalistes; arts du Maghreb: collection T., important ensemble de poteries de Fès et de bijoux Citadins et Berbères du Maroc, tableaux - gravures; arts de l'Inde: rare chasse-mouches Moghol en jade, métaux - textiles, calligraphies et miniatures.
=876  \\$p308241118
=904  \\$aOxford Local Record

