=LDR  00000nam a22000003i 4500
=005  20250906221647.2
=008  250906s2019||||gw\||||||||||||||\||ger||
=024  8\$a348
=033  0\$a20190508
=040  \\$aUkOxU$beng$erda$cUkOxU
=245  01$aAuktion 348 :$bantike Münzen.
=264  \1$aMunich :$bGerhard Hirsch Nachfolger München,$c[2019?]
=300  \\$a231 pages ;$c27 cm
=336  \\$atext$2rdacontent
=337  \\$aunmediated$2rdamedia
=338  \\$avolume$2rdacarrier
=500  \\$akeltische Münzen (Kat.Nr. 1-15), griechische Münzen (Kat.Nr. 16-479), römische Münzen (Kat.Nr. 480-1019), byzantinische Münzen (Kat.Nr. 1020-1054), Kaiserreich Nicaea (Kat.Nr. 1055), Völkerwanderung (Kat.Nr. 1056-1058), byzantinische Bleisiegel (Kat.Nr. 1059-1061), Lots (Kat.Nr. 1062-1102).
=876  \\$p308241119
=904  \\$aOxford Local Record

