=LDR  00000nam a22000003i 4500
=005  20250906221647.2
=008  250906s2019||||gw\||||||||||||||\||ger||
=024  8\$a349
=033  0\$a20190509
=040  \\$aUkOxU$beng$erda$cUkOxU
=245  01$aAuktion 349 :$bMünzen und Medaillen.
=264  \1$aMunich :$bGerhard Hirsch Nachfolger München,$c[2019?]
=300  \\$a225 pages ;$c27 cm
=336  \\$atext$2rdacontent
=337  \\$aunmediated$2rdamedia
=338  \\$avolume$2rdacarrier
=500  \\$aMünzen des MittelAlters (Kat.Nr. 2001-2025), Gepräge der deutschen und habsburgischen Lande (Kat.Nr. 2026-2425), neuere deutsche Prägungen (Kat.Nr. 2426-2545), deutsche Reichsmünzen seit 1871 (Kat.Nr. 2546-2707), Gepräge des Auslandes (Kat.Nr. 2708-2885), Medaillen des münchener Medailleurs Karl Goetz (Kat.Nr. 2886-2889), Münzwaagen (Kat.Nr. 2890-2893), Petschaften (Kat.Nr. 2894), Primitivgeld (Kat.Nr. 2895), Dokumente (Kat.Nr. 2896), Banknoten (Kat.Nr. 2897).
=876  \\$p308241120
=904  \\$aOxford Local Record

