=LDR  00000nam a22000003i 4500
=005  20250906221647.2
=008  250906s2002||||fr\||||||||||||||\||fre||
=033  0\$a20021128
=040  \\$aUkOxU$beng$erda$cUkOxU
=245  00$aOrientalism Arts d'Orient :$bventes aux enchères - expertises.
=264  \1$aParis :$bPicard Audap Solanet Velliet / Piasa Paris,$c[2002?]
=300  \\$a97 pages ;$c27 cm
=336  \\$atext$2rdacontent
=337  \\$aunmediated$2rdamedia
=338  \\$avolume$2rdacarrier
=876  \\$p308241121
=904  \\$aOxford Local Record

