=LDR  00000nam a22000003i 4500
=005  20250906221647.2
=008  250906s2003||||fr\||||||||||||||\||fre||
=033  0\$a20030613
=040  \\$aUkOxU$beng$erda$cUkOxU
=245  01$aArchéologie - orientalisme - arts d'Orient - Océanie - haute époque :$bventes aux enchères - expertises.
=264  \1$aParis :$bPicard Audap Solanet Velliet / Piasa Paris,$c[2003?]
=300  \\$a84 pages ;$c27 cm
=336  \\$atext$2rdacontent
=337  \\$aunmediated$2rdamedia
=338  \\$avolume$2rdacarrier
=876  \\$p308241122
=904  \\$aOxford Local Record

