=LDR  00000nam a22000003i 4500
=005  20250906221647.2
=008  250906s2005||||fr\||||||||||||||\||fre||
=033  0\$a20051130
=040  \\$aUkOxU$beng$erda$cUkOxU
=245  01$aArt d'Asie - art d'Orient :$bventes aux enchères - expertises.
=264  \1$aParis :$bPicard Audap Solanet Velliet Teissèdre / Piasa Paris,$c[2005?]
=300  \\$a64 pages ;$c27 cm
=336  \\$atext$2rdacontent
=337  \\$aunmediated$2rdamedia
=338  \\$avolume$2rdacarrier
=876  \\$p308241124
=904  \\$aOxford Local Record

