=LDR  00000nam a22000003i 4500
=005  20250906221647.2
=008  250906s2006||||fr\||||||||||||||\||fre||
=033  0\$a20060602
=040  \\$aUkOxU$beng$erda$cUkOxU
=245  01$aArchéologie - arts d'Orient - haute époque :$bventes aux enchères - expertises.
=264  \1$aParis :$bPiasa S.A.,$c[2006?]
=300  \\$a82 pages ;$c27 cm
=336  \\$atext$2rdacontent
=337  \\$aunmediated$2rdamedia
=338  \\$avolume$2rdacarrier
=876  \\$p308241125
=904  \\$aOxford Local Record

