=LDR  00000nam a22000003i 4500
=005  20250906221647.2
=008  250906s1991||||gw\||||||||||||||\||ger||
=033  1\$a19910426$a19910427$a19910429
=040  \\$aUkOxU$beng$erda$cUkOxU
=245  01$aAntike Textilien, Sammlerteppiche und amerikanische Quilts :$bfrühchristliche, islamische und präkolumbische Kunst.
=264  \1$aCologne :$bRudolf Mangisch Galerie un Auktionshaus,$c[1991?]
=300  \\$a140 pages ;$c21 cm
=336  \\$atext$2rdacontent
=337  \\$aunmediated$2rdamedia
=338  \\$avolume$2rdacarrier
=876  \\$p308241126$zSticker on cover, reading "Ansichtsexemplar"
=904  \\$aOxford Local Record

