=LDR  00000nam a22000003i 4500
=005  20250906221647.2
=008  250906s1989||||sz\||||||||||||||\||ger||
=033  0\$a19890318
=040  \\$aUkOxU$beng$erda$cUkOxU
=245  00$aSammlerteppiche :$bbedeutende Sammlungen aus China, Europa, der Türkei, Turkmenien, dem Kaukasus, Beloutschistan un Persien.
=264  \1$aZurich :$bRudolf Mangisch Galerie un Auktionshaus,$c[1989?]
=300  \\$a55 pages ;$c21 cm
=336  \\$atext$2rdacontent
=337  \\$aunmediated$2rdamedia
=338  \\$avolume$2rdacarrier
=500  \\$aThe back cover is styled as a different publication with the title "Paruiz Tanavoli: Skulpturen und Design" with 12 pages of images and text, including a short biography of the artist. Dates for the exhibition: 19890318-19890415.
=876  \\$p308241127$zSticker on cover, reading "Ansichtsexemplar"
=904  \\$aOxford Local Record

