=LDR  00000nam a22000003i 4500
=005  20250906221647.2
=008  250906s2007||||fr\||||||||||||||\||fre||
=033  0\$a20071116
=040  \\$aUkOxU$beng$erda$cUkOxU
=245  00$aDessins de 1500 à 1900.
=264  \1$aParis :$bTajan S.A.,$c[2007?]
=300  \\$a90 pages ;$c27 cm
=336  \\$atext$2rdacontent
=337  \\$aunmediated$2rdamedia
=338  \\$avolume$2rdacarrier
=876  \\$p308241128
=904  \\$aOxford Local Record

