=LDR  00000nam a22000003i 4500
=005  20250906221647.2
=008  250906s2002||||fr\||||||||||||||\||fre||
=033  0\$a20021129
=040  \\$aUkOxU$beng$erda$cUkOxU
=245  01$aArt d'Asie :$bcollection Janette Ostier et divers.
=264  \1$aParis :$bTajan S.A.,$c[2002?]
=300  \\$a48 pages ;$c27 cm
=336  \\$atext$2rdacontent
=337  \\$aunmediated$2rdamedia
=338  \\$avolume$2rdacarrier
=876  \\$p308241129
=904  \\$aOxford Local Record

