=LDR  00000nam a22000003i 4500
=005  20250906221647.2
=008  250906s1987||||mau||||||||||||||\||eng||
=024  8\$a1180
=033  0\$a19871206
=040  \\$aUkOxU$beng$erda$cUkOxU
=245  00$aOriental rugs and carpets.
=264  \1$aMassachusetts :$bRobert W. Skinner, Inc.,$c[1987?]
=264  \4$c© 1987
=300  \\$aapproximately 128 pages ;$c27 cm
=336  \\$atext$2rdacontent
=337  \\$aunmediated$2rdamedia
=338  \\$avolume$2rdacarrier
=876  \\$p308241130
=904  \\$aOxford Local Record

