=LDR  00000nam a22000003i 4500
=005  20250906221647.2
=008  250906s1991||||mau||||||||||||||\||eng||
=024  8\$a1386
=033  0\$a19910601
=040  \\$aUkOxU$beng$erda$cUkOxU
=245  00$aOriental rugs and carpets.
=264  \1$aMassachusetts :$bSkinner, Inc.,$c[1991?]
=264  \4$c© 1991
=300  \\$aapproximately 100 pages ;$c27 cm
=336  \\$atext$2rdacontent
=337  \\$aunmediated$2rdamedia
=338  \\$avolume$2rdacarrier
=876  \\$p308241131
=904  \\$aOxford Local Record

