=LDR  00000nam a22000003i 4500
=005  20250906221647.2
=008  250906s2000||||fr\||||||||||||||\||fre||
=033  0\$a20001211
=040  \\$aUkOxU$beng$erda$cUkOxU
=245  01$aArts d'Orient :$bcollection Jean Soustiel et à divers amateurs.
=264  \1$aParis :$bFrançois de Ricqlès,$c[2000?]
=300  \\$a116 pages ;$c27 cm
=336  \\$atext$2rdacontent
=337  \\$aunmediated$2rdamedia
=338  \\$avolume$2rdacarrier
=876  \\$p308241132
=904  \\$aOxford Local Record

