=LDR  00000nam a22000003i 4500
=005  20250906221647.2
=008  250906s2023||||fr\||||||||||||||\||fre||
=033  0\$a20230412
=040  \\$aUkOxU$beng$erda$cUkOxU
=245  01$aArchéologie, céramiques européennes :$bà divers & collection Michel Bonnefond.
=264  \1$aParis :$bThierry de Maigret,$c[2023?]
=300  \\$a98 pages ;$c24 cm
=336  \\$atext$2rdacontent
=337  \\$aunmediated$2rdamedia
=338  \\$avolume$2rdacarrier
=876  \\$p308241133
=904  \\$aOxford Local Record

