=LDR  00000nam a22000003i 4500
=005  20250906221647.2
=008  250906s2020||||fr\||||||||||||||\||fre||
=033  0\$a20200610
=040  \\$aUkOxU$beng$erda$cUkOxU
=245  01$aarchéologie - arts de l'Islam - icônes - céramiques européennes :$bvente aux enchères publiques.
=264  \1$aParis :$bThierry de Maigret,$c[2020?]
=300  \\$a69 pages ;$c27 cm
=336  \\$atext$2rdacontent
=337  \\$aunmediated$2rdamedia
=338  \\$avolume$2rdacarrier
=876  \\$p308241135
=904  \\$aOxford Local Record

