=LDR  00000nam a22000003i 4500
=005  20250906221647.2
=008  250906s2001||||it\||||||||||||||\||ita||
=024  8\$a1143
=033  0\$a20010606
=040  \\$aUkOxU$beng$erda$cUkOxU
=245  00$aCeramiche del novecento.
=264  \1$aRome :$bFinarte Casa d'Aste S.p.A.,$c2001
=264  \4$c© 2001
=300  \\$aapproximately 46 pages ;$c24 cm
=336  \\$atext$2rdacontent
=337  \\$aunmediated$2rdamedia
=338  \\$avolume$2rdacarrier
=876  \\$p308241136
=904  \\$aOxford Local Record

