=LDR  00000nam a22000003i 4500
=005  20250906221647.2
=008  250906s2025||||pau||||||||||||||\||eng||
=024  8\$a129
=033  1\$a20250513$a20250514
=040  \\$aUkOxU$beng$erda$cUkOxU
=245  00$aCNG feature auction 129 :$bto be conducted live online at the CNG Lancaster office.
=264  \1$aPennsylvania :$bClassical Numismatic Group, LLC,$c[2025?]
=300  \\$a306 pages ;$c24 cm
=336  \\$atext$2rdacontent
=337  \\$aunmediated$2rdamedia
=338  \\$avolume$2rdacarrier
=500  \\$afeaturing: Celtic, Greek, and Roman coins from the Meander collection; ancient, world, and British coins from the G. Savonarola collection, beautiful didrachm of the Brettii from the Moretti, Jameson, Woodward, and Prowe collections; published euainetos dekadrachm of Syracuse from the Lockett and Pozzi collections; rare and pedigreed gold mnaïeia of Arsinoe II; an extremely rare cistophorus of Marcus Tullius Cicero; further selections from the Dr. Thomas E. Neniak collection of Alexandrian coinage; stunning "Judaea capta" sestertius from the Bromberg collection; a selection of solidi of Byzantie Empress Irene; further selections of world, US, and British coins from the Alexander Christopher and Drewry family collections; rare Lí Yuánhóng dollar with general wearing cap; gold écu of Henri IV from Saint-Lô; French Third Republic 100 francs essai Piedfort in gold; high grade oak tree schilling; a selection of US vintage ingots; George VI gold proof set.
=876  \\$p308241137
=904  \\$aOxford Local Record

