=LDR  00000nam a22000003i 4500
=005  20250906221647.2
=008  250906s1992||||cc\||||||||||||||\||eng||
=033  0\$a19921030
=040  \\$aUkOxU$beng$erda$cUkOxU
=041  0\$aeng$achi
=245  00$aContemporary Chinese oil paintings.
=246  31$6880-01$adang dai Zhongguo you hua
=264  \1$aHong Kong :$bWing Sing Fine Arts Auctioneers (Int'l) Ltd.,$c[1992?]
=300  \\$a77 pages ;$c29 cm
=336  \\$atext$2rdacontent
=337  \\$aunmediated$2rdamedia
=338  \\$avolume$2rdacarrier
=876  \\$p308241138
=880  31$6246-01$a當代中國油畫
=904  \\$aOxford Local Record

