=LDR  00000nam a22000003i 4500
=005  20250906221647.2
=008  250906s2002||||cc\||||||||||||||\||chi||
=033  0\$a20020629
=040  \\$aUkOxU$beng$erda$cUkOxU
=041  0\$achi$aeng
=245  00$6880-01$aBeijing Han Hai yi shu pin pai mai gong si 2002 chun ji pai mai hui :$bZhongguo shu hua (jin xian dai yi).
=246  31$aBeijing Hanhai Spring Auctions$bChinese modern and contemporary paintings and calligraphy (1)
=264  \1$aBeijing :$bBeijing Hanhai Art Auction Corp.,$c[2002?]
=300  \\$aapproximately 112 pages ;$c29 cm
=336  \\$atext$2rdacontent
=337  \\$aunmediated$2rdamedia
=338  \\$avolume$2rdacarrier
=500  \\$a拍賣品第1-220號 - Lots 1-220.
=876  \\$p308241139
=880  00$6245-01$a北京瀚海藝術品拍賣公司2002春季拍賣會 :$b中國書畫（近現代一）.
=904  \\$aOxford Local Record

