=LDR  00000nam a22000003i 4500
=005  20250906221647.2
=008  250906s1995||||cc\||||||||||||||\||chi||
=033  0\$a19951002
=040  \\$aUkOxU$beng$erda$cUkOxU
=041  0\$achi$aeng
=245  00$6880-01$aJin Ling '95 Zhongguo shu hua ming jia ji gong yi mei shu da shi jing pin pai mai hui :$bming jia guo hua, shu fa, you hua, gong yi mei shu da shi jin pin, bei tie.
=246  31$aJinling '95 auction of masterpieces of celebrated Chinese calligraphers, painters and craftsmen$brenowned traditional Chinese paintings, calligraphy, oil paintings, masterpieces of craftsmen, stele rubbings
=264  \1$aNanjing :$bJinling Hotel Culture and Arts Center, Jiangsu Auction and Pawn House, Nanjing Da Gong Wu Shi Co., Ltd.,$c[1995?]
=300  \\$aapproximately 160 pages ;$c28 cm
=336  \\$atext$2rdacontent
=337  \\$aunmediated$2rdamedia
=338  \\$avolume$2rdacarrier
=876  \\$p308241140
=880  00$6245-01$a金陵‘95中國書畫名家暨工藝美術大師精品拍賣會 :$b名家國畫，書法，油畫，工藝美術大師精品，碑帖.
=904  \\$aOxford Local Record

