=LDR  00000nam a22000003i 4500
=005  20250906221647.2
=008  250906s1997||||cc\||||||||||||||\||chi||
=033  1\$a19971124$a19971125
=040  \\$aUkOxU$beng$erda$cUkOxU
=041  0\$achi$aeng
=245  00$6880-01$aShanghai Xin Shi Ji di si shi wu jie yi shu pin pai mai hui.
=246  31$aShanghai New Century the 45th art auction
=264  \1$aShanghai :$bShanghai New Century Auction Co. Ltd.,$c[1997?]
=300  \\$aapproximately 170 pages ;$c29 cm
=336  \\$atext$2rdacontent
=337  \\$aunmediated$2rdamedia
=338  \\$avolume$2rdacarrier
=876  \\$p308241141
=880  00$6245-01$a上海新世紀第四十五届藝術品拍賣會.
=904  \\$aOxford Local Record

